@misc{cybersecuritynews,
    author = {Guru Baran},
    title = {AI-Powered Phishing Detection â€“ Does It Actually Work?},
    howpublished = {\url{
                    https://cybersecuritynews.com/ai-powered-phishing-detection/}
                    },
    year = {CISO, CYBER AI, Cyber Security, Cyber Security News},
    date = { April 1, 2025 },
}
